@article{gatys2015,
	title={A Neural Algorithm of Artistic Style},
	author={Gatys Leon A. and Ecker Alexander S. and Matthias Bethge},
	journaltitle={arXiv preprint arXiv:1508.06576v2},
	year={2015}
}

@article{johnson2016,
	title={Perceptual Losses for Real-Time Style Transfer and Super-Resolution},
	author={Johnson Justin and Alahi Alexandre and Fei-Fei Li},
	journaltitle={arXiv preprint arXiv:1603.08155v1},
	year={2016}
}

@article{johnson2016_supp,
	title={Perceptual Losses for Real-Time Style Transfer and Super-Resolution: Supplementary Material},
	author={Johnson Justin and Alahi Alexandre and Fei-Fei Li},
	year={2016}
}

@article{luan2017,
	title={Deep Photo Style Transfer},
	author={Luan Fujun and Paris Sylvain and Shechtman Eli and Bala Kavita},
	journaltitle={arXiv preprint arXiv:1703.07511v3},
	year={2017}
}

@article {lecun-98,
	original="orig/lecun-98.ps.gz",
	author="LeCun, Y. and Bottou, L. and Bengio, Y. and Haffner, P.",
	title="Gradient-Based Learning Applied to Document Recognition",
	journal="Proceedings of the IEEE",
	month="November",
	volume="86",
	number="11",
	pages="2278-2324",
	year=1998
}

@article{matthew2013,
	title={Visualizing and Understanding Convolutional Networks},
	author={Zeiler Matthew D. and Fergus Rob},
	journaltitle={arXiv preprint arXiv:1311.2901v3},
	year={2013}
}

@article{mahendran2014,
	title={Understanding Deep Image Representations by Inverting Them},
	author={Mahendran Aravindh and Vedaldi Andrea},
	journaltitle={arXiv preprint arXiv:1412.0035v1},
	year={2014}
}

@article{gatys_texture2015,
	title={Texture Synthesis Using Convolutional Neural Networks},
	author={Gatys Leon A. and Ecker Alexander S. and Matthias Bethge},
	journaltitle={arXiv preprint arXiv:1505.07376v3},
	year={2015}
}

@article{glorot2010,
	title={Understanding the difficulty of training deep feedforward neural networks},
	author={Glorot Xavier and Bengio Yoshua},
	year={2010}
}

@article{vgg19,
	title={VERY DEEP CONVOLUTIONAL NETWORKS FOR LARGE-SCALE IMAGE RECOGNITION},
	author={Simonyan Karen and  Zisserman Andrew},
	journaltitle={arXiv preprint arXiv:1409.1556v6},
	year={2015}
}

@misc{coursera_convnets,
  author = {Andrew Ng},
  title = {What are deep ConvNets learning?},
  url = {https://www.coursera.org/learn/convolutional-neural-networks/lecture/GboGx/what-are-deep-convnets-learning},
  year = {2018}
}

@misc{wiki_gram,
  title = {Gramian Matrix},
  url = {https://en.wikipedia.org/wiki/Gramian_matrix},
}

@misc{coursera_gram,
  author = {Andrew Ng},
  title = {Art generation with Neural Style Transfer},
  url = {https://www.coursera.org/learn/convolutional-neural-networks/notebook/lEthw/art-generation-with-neural-style-transfer},
  year = {2018}
}

@misc{parametri_vgg19,
  author = {Simonyan Karen and  Zisserman Andrew},
  title = {Very Deep Convolutional Networks for Large-Scale Visual Recognition},
  url = {http://www.robots.ox.ac.uk/~vgg/research/very_deep/},
  year = {2018}
}

@misc{imagenet,
  title = {ImageNet},
  url = {www.image-net.org/},
}

@misc{filters,
  title = {Convolutional Neural Network},
  url = {https://github.com/Hvass-Labs/TensorFlow-Tutorials/blob/master/02_Convolutional_Neural_Network.ipynb},
}

@misc{pooling,
  title = {https://medium.com/data-science-group-iitr/building-a-convolutional-neural-network-in-python-with-tensorflow-d251c3ca8117},
  url = {https://medium.com/data-science-group-iitr/building-a-convolutional-neural-network-in-python-with-tensorflow-d251c3ca8117},
}

@misc{tvd,
  title = {Total variation denoising},
  url = {https://en.wikipedia.org/wiki/Total_variation_denoising},
}

@misc{arh_vgg19,
  title = {Dog Breed Identification - Team 4},
  url = {https://telecombcn-dl.github.io/2017-dlai-team4/},
}

@misc{wiki_python,
  title = {Python},
  url = {https://en.wikipedia.org/wiki/Python_(programming_language)},
}

@misc{wiki_tf,
  title = {TensorFlow},
  url = {https://en.wikipedia.org/wiki/TensorFlow},
}

@misc{coursera_deep_learning,
  author = {Andrew Ng},
  title = {Deep Learning},
  url = {https://www.coursera.org/specializations/deep-learning},
}

@misc{wiki_tanh,
  title = {Tanh},
  url = {https://en.wikipedia.org/wiki/Hyperbolic_function},
}

@misc{wiki_relu,
  title = {ReLU},
  url = {https://en.wikipedia.org/wiki/Rectifier_(neural_networks)},
}

@misc{continut_chicago,
  title = {Chicago},
  url = {https://raw.githubusercontent.com/jcjohnson/fast-neural-style/master/images/content/chicago.jpg},
}

@misc{continut_hoover_tower,
  title = {Hoover Tower},
  url = {https://raw.githubusercontent.com/jcjohnson/neural-style/master/examples/inputs/hoovertowernight.jpg},
}

@misc{transpose_conv,
  title = {Lecture 11 | Detection and Segmentation},
  url = {https://www.youtube.com/watch?v=nDPWywWRIRo},
}

@article{res_net,
	title={Deep Residual Learning for Image Recognition},
	author={He Kaiming and Zhang Xiangyu and Ren Shaoqing and Sun Jian},
	journaltitle={arXiv preprint arXiv:1512.03385v1},
	year={2015}
}

@article{microsoft_coco,
	title={Microsoft COCO: Common Objects in Context},
	author={Tsung-Yi Lin and Maire Michael and Belongie Serge and Bourdev Lubomir and Girshick Ross and Hays James and Perona Pietro and Ramanan Deva and Zitnick Lawrence C. and Dollar Piotr},
	journaltitle={arXiv preprint arXiv:1405.0312v3},
	year={2015}
}